@article{Parallel2009Wenzel,
    author = {Wenzel, M},
    journal = {Proceedings of the ACM SIGSAM 2009 Internaional Workshop on Programming Languages for Mechanized Mathematics Systems (PLLMS 2009)},
    keywords = {Isabelle,mathematical assistants,parallel programming,theorem proving},
    pages = {13--21},
    publisher = {Citeseer},
    title = {{Parallel Proof Checking in Isabelle/Isar}},
    year = {2009}
}
@techreport{PerformanceOR1991Ertel,
    author = {Ertel, Wolfgang},
    title = {{Performance Analysis of Competitive OR-Parallel Theorem Proving}},
    year = {1991}
}
@inproceedings{PerformanceESat2016Schulz,
    author = {Schulz, Stephan and M{\"{o}}hrmann, Martin},
    booktitle = {Lecture Notes in Computer Science (including subseries Lecture Notes in Artificial Intelligence and Lecture Notes in Bioinformatics)},
    doi = {10.1007/978-3-319-40229-1_23},
    isbn = {9783319402284},
    issn = {16113349},
    pages = {330--345},
    publisher = {Springer Verlag},
    title = {{Performance of clause selection heuristics for saturation-based theorem proving}},
    volume = {9706},
    year = {2016}
}

@inproceedings{Judgementday2010Boehme,
    author = {Sascha B\"ohme and Tobias Nipkow},
    title = {Sledgehammer: Judgement Day},
    booktitle = {Automated Reasoning (IJCAR 2010)},
    editor = {J. Giesl and R. H\"ahnle},
    publisher = {Springer},
    series = {LNCS},
    volume = {6173},
    pages = {107-121},
    year = 2010
}
@inproceedings{SMTHammer2011Blanchette,
    doi = {10.1007/978-3-642-22438-6_11},
    isbn = {9783642224379},
    issn = {03029743},
    pages = {116--130},
    publisher = {Springer, Berlin, Heidelberg},
    title = {{Extending sledgehammer with SMT solvers}},
    volume = {6803 LNAI},
    year = {2011}
}
@article{ParallelDeduction1992Jindal,
    author = {Jindal, Anita and Overbeek, Ross and Kabat, Waldo C.},
    doi = {10.1007/BF00263447},
    issn = {01687433},
    journal = {Journal of Automated Reasoning},
    month = {feb},
    number = {1},
    pages = {23--38},
    publisher = {Kluwer Academic Publishers},
    title = {{Exploitation of parallel processing for implementing high-performance deduction systems}},
    volume = {8},
    year = {1992}
}

@article{ParallelHyper2001Wu,
    doi = {10.1023/A:1006469202251},
    issn = {01687433},
    journal = {Journal of Automated Reasoning},
    number = {1},
    pages = {67--106},
    publisher = {Springer},
    title = {{Parallelization of a hyper-linking-based theorem prover}},
    volume = {26},
    year = {2001}
}
@article{TPTP2009Sutcliffe,
    author = {Sutcliffe, Geoff},
    doi = {10.1007/s10817-009-9143-8},
    issn = {01687433},
    journal = {Journal of Automated Reasoning},
    month = {jan},
    number = {4},
    pages = {337--362},
    publisher = {Springer},
    title = {{The TPTP problem library and associated infrastructure: The FOF and CNF Parts, v3.5.0}},
    volume = {43},
    year = {2009}
}

@inproceedings{PolyParallel2010Matthews,
    address = {New York, New York, USA},
    author = {Matthews, David C.J. and Wenzel, Makarius},
    booktitle = {DAMP'10 - Proceedings of the 2010 ACM SIGPLAN Workshop on Declarative Aspects of Multicore Programming},
    doi = {10.1145/1708046.1708058},
    isbn = {9781605588599},
    pages = {53--62},
    publisher = {ACM Press},
    title = {{Efficient parallel programming in Poly/ML and Isabelle/ML}},
    year = {2010}
}


@article{namd,
    author = {Phillips,James C. and Hardy,David J. and Maia,Julio D. C. and Stone,John E. and Ribeiro,João V. and Bernardi,Rafael C. and Buch,Ronak and Fiorin,Giacomo and Hénin,Jérôme and Jiang,Wei and McGreevy,Ryan and Melo,Marcelo C. R. and Radak,Brian K. and Skeel,Robert D. and Singharoy,Abhishek and Wang,Yi and Roux,Benoît and Aksimentiev,Aleksei and Luthey-Schulten,Zaida and Kalé,Laxmikant V. and Schulten,Klaus and Chipot,Christophe and Tajkhorshid,Emad },
    title = {Scalable molecular dynamics on CPU and GPU architectures with NAMD},
    journal = {The Journal of Chemical Physics},
    volume = {153},
    number = {4},
    pages = {044130},
    year = {2020},
    doi = {10.1063/5.0014475},
}


@online{dolfyn,
    title = {{Dolfyn, Open-Source CFD Solver}},
    organization = {{Cyclone Fluid Dynamics BV}},
    url = {https://www.dolfyn.net/},
    urldate = {14.04.2022},
    year = {2005},
}


@online{himeno,
    title = {{Introduction to the Himeno benchmark}},
    organization = {{ISC, RIKEN}},
    url = {https://i.riken.jp/en/supercom/documents/himenobmt/},
    urldate = {14.04.2022},
    year = {2001},
}

@ARTICLE{amdahls,
    author = {Hill, Mark D. and Marty, Michael R.},
    journal = {Computer},
    title = {Amdahl's Law in the Multicore Era},
    year = {2008},
    volume = {41},
    number = {7},
    pages = {33-38},
    doi = {10.1109/MC.2008.209} }
